
@article{rmarkdown,
	title = {rmarkdown: Dynamic Documents for R},
	author = {Allaire, JJ and Xie, Yihui and McPherson, Jonathan and Luraschi, Javier and Ushey, Kevin and Atkins, Aron and Wickham, Hadley and Cheng, Joe and Chang, Winston and Iannone, Richard},
	year = {2022},
	date = {2022},
	url = {https://github.com/rstudio/rmarkdown}
}

@article{bookdown,
	title = {bookdown: Authoring Books and Technical Documents with R Markdown},
	author = {Xie, Yihui},
	year = {2022},
	date = {2022},
	url = {https://github.com/rstudio/bookdown}
}
